% Oliver Kullmann, 30.6.2007 (Swansea)
% Copyright 2007 - 2010 Oliver Kullmann
% This file is part of the OKlibrary. OKlibrary is free software; you can redistribute 
% it and/or modify it under the terms of the GNU General Public License as published by
% the Free Software Foundation and included in this library; either version 3 of the 
% License, or any later version.

@book{OKL_Sedgewick2001AlgorithmsParts14,
	Author = {Robert Sedgewick},
	Edition = {Third},
	Publisher = {Addison-Wesley},
	Title = {Algorithms in C++, Parts 1-4: Fundamentals, Data Structures, Sorting, Searching},
	Year = {2001},
        Note = {ISBN 0-201-72684-X}
}
@Book{OKL_Sedgewick2001AlgCppPart5,
  author =	 {Robert Sedgewick},
  title = 	 {Algorithms in C++, Part 5: Graph Algorithms},
  publisher = 	 {Addison-Wesley},
  year = 	 2001,
  edition =	 {Third},
  note =	 {ISBN 0-201-36118-3}
}

