% XXXXXXXXXXXXXXXXXXXXXXXXXXXXXXXXXX
% Key field of all entries are prefixed with OKL_
% XXXXXXXXXXXXXXXXXXXXXXXXXXXXXXXXXX

@book{OKL_Meyers1996MoreEffective,
	Author = {Scott Meyers},
	Publisher = {Addison Wesley},
	Series = {Professional Computing Series},
	Title = {More Effective C++: 35 New Ways to Improve Your Programs and Designs},
	Year = {1996},
        Note = {ISBN 0-201-63371-X}
}
@Book{OKL_Meyers2001STL,
  author =         {Scott Meyers},
  title =          {Effective STL: 50 Specific Ways to Improve the Use of the Standard Template Library},
  publisher =          {Addison-Wesley},
  year =          2001,
  series =         {Professional Computing Series},
  address =         {Boston},
  note =         {ISBN 0-201-74962-9; QA76.73.C153.M49 2001},
  annote =         {Available: OK}
}
@Book{OKL_Meyers2005EffCpp,
  author =       {Scott Meyers},
  title =        {Effective C++: 55 Specific Ways to Improve Your Programs and Designs},
  publisher =    {Addison-Wesley},
  year =         2005,
  edition =      {Third},
  note =         {ISBN 0-321-33487-6},
  annote =       {Available: OK}
}

@Book{OKL_Alexandrescu2001Modern,
  author =         {Andrei Alexandrescu},
  title =          {Modern C++ Design},
  publisher =          {Addison-Wesley},
  year =          2001,
  series =         {The C++ In-Depth Series},
  address =         {Boston},
  note =         {ISBN 0-201-70431-5, QA76.73.C153 A42 2001},
  annote =         {Available: OK, Swansea University Library}
}

@Book{OKL_SutterAlexandrescu2004Coding,
  author =	 {Herb Sutter and Andrei Alexandrescu},
  title = 	 {C++ Coding Standards: 101 Rules, Guidelines, and Best Practices},
  publisher = 	 {Addison-Wesley},
  year = 	 2004,
  series =	 {The C++ In-Depth Series},
  address =	 {Boston},
  note =	 {ISBN 0-321-11358-6; QA76.73.C153S85 2004},
  annote =	 {Available: OK}
}

@Book{OKL_Sutter1999Exceptional,
  author =         {Herb Sutter},
  title =          {Exceptional C++},
  publisher =          {Addison-Wesley},
  year =          1999,
  series =         {The C++ In-Depth Series},
  address =         {Boston},
  note =         {ISBN 0-201-61562-2; QA76.73.C153.S88 1999}
}
@Book{OKL_Sutter2002MoreExceptional,
  author =         {Herb Sutter},
  title =          {More Exceptional C++: 40 New Engineering Puzzles, Programming Problems, and Solutions},
  publisher =          {Addison-Wesley},
  year =          2002,
  series =         {The C++ In-Depth Series},
  address =         {Boston},
  note =         {ISBN 0-201-70434-X; QA76.73.C153 S89 2002},
  annote =         {Available: OK}
}
@Book{OKL_Sutter2004CppStyle,
  author =	 {Herb Sutter},
  title = 	 {Exceptional C++ Style: 40 New Engineering Puzzles, Programming Problems, and Solutions},
  publisher = 	 {Addison-Wesley},
  year = 	 2004,
  series =	 {The C++ In-Depth Series},
  address =	 {Boston},
  note =	 {ISBN 0 201 76042 8},
  annote =	 {Available: OK}
}

@Manual{OKL_IsoC2003,
  title = 	 {The C Standard, Incorporating Technical Corrigendum No.~1},
  organization = {British Standards Institute},
  publisher =    {John Wiley & Sons, Ltd},
  year =	 2003,
  note =	 {BS ISO/IEC 9899:1999; ISBN 0-470-84573-2; QA76.73.C15C185 2003},
  annote =	 {Vorhanden.}
}
@Manual{OKL_IsoCpp2003,
  title = 	 {The C++ Standard, Incorporating Technical Corrigendum No.~1},
  organization = {British Standards Institute},
  publisher =    {John Wiley & Sons, Ltd},
  year =	 2003,
  note =	 {BS ISO/IEC 14882: 2003 (Second Edition); ISBN 0-470-84674-7; QA76.73.C153C16 2003},
  annote =	 {Available: OK}
}

@Book{OKL_Eckel2000CppVol1,
  author =         {Bruce Eckel},
  title =          {Thinking in C++, Volume One: Introduction to Standard C++},
  publisher =      {Prentice Hall},
  year =          2000,
  address =         {Upper Saddle River, New Jersey 07458, USA},
  edition =         {Second},
  note =         {ISBN 0-13-979809-9; available at \url{www.BrucEckel.com}}
}
@Book{OKL_Eckel2000CppVol2,
  author =         {Bruce Eckel},
  title =          {Thinking in C++, Volume Two: Standard Libraries \& Advanced Topics},
  publisher =      {Prentice Hall},
  year =          2000,
  address =         {Upper Saddle River, New Jersey 07458, USA},
  edition =         {Second (Revision 2)},
  note =         {ISBN 0-13-979809-9; available at \url{www.BrucEckel.com}}
}

@Book{OKLStroustup1994Evolution,
  author =         {Bjarne Stroustrup},
  title =          {The Design and Evolution of C++},
  publisher =          {Addison-Wesley},
  year =          1994,
  address =         {Boston},
  note =         {9th printing, November 2000; ISBN 0-201-54330-3; QA76.73.C153S79 1994},
  annote =         {Available: OK}
}
@Book{OKL_Stroustrup2000C++Programming,
  author =	 {Bjarne Stroustrup},
  title =        {The C++ Programming Language: Language Library and Design Tutorial},
  publisher =    {Addison-Wesley},
  year =          2000,
  edition =      {Third, special},
  note =          {ISBN 0-201-70073-5; hardback}
}
@book{OKL_Vandevoorde1998Solutions,
	Author = {David Vandevoorde},
	Publisher = {Addison-Wesley},
	Title = {C++ Solutions: Companion to the C++ Programming Language Third Edition by Bjarne Stroustrup},
	Year = {1998},
        Note = {ISBN 0-201-30965-3}
}

@Book{OKL_AbrahamsGurtovoy2004Metaprogramming,
  author =	 {David Abrahams and Aleksey Gurtovoy},
  title = 	 {C++ Template Metaprogramming: Concepts, Tools, and Techniques from Boost and Beyond},
  publisher = 	 {Addison-Wesley},
  year = 	 2004,
  series =	 {The C++ In-Depth Series},
  address =	 {Boston},
  note =	 {ISBN 0-321-22725-5; QA 76.73.C153A325 2004},
  annote =	 {Available: OK}
}

@Book{OKL_LajoieLippmanMoo2005Cpp,
  author =         {Jos{\'{e}}e LaJoie and Stanley B. Lippman and Barbara E. Moo},
  title =          {C++ Primer},
  publisher =          {Addison-Wesley},
  year =          2005,
  edition =         {Fourth},
  note =           {ISBN 0-201-72148-1}
}
@book{OKL_TondoLeung1999PrimerAnswer,
	Author = {Clovis L. Tondo and Bruce P. Leung},
	Publisher = {Addison-Wesley},
	Title = {C++ Primer Answer Book},
	Year = {1999},
        Note = {ISBN 0-201-30993-9}
}

@Book{OKL_Lippman1999EssentialCpp,
  author =         {Stanley B. Lippman},
  title =          {Essential C++},
  publisher =          {Addison-Wesley},
  year =          1999,
  series =         {The C++ In-Depth-Series},
  address =         {Reading, Massachusetts},
  note =         {ISBN 0-201-48518-4; QA76.73.C153 L577 1999}
}

@book{OKL_PlaugerStepanovLeeMusser2000STL,
	Author = {P.J. Plauger and Alexander Stepanov and Meng Lee and David R. Musser},
	Publisher = {Prentice Hall},
	Title = {The C++ Standard Template Library},
	Year = {2000},
        Note = {ISBN 0 13 437633 1}
}

@Book{OKL_KarniadakisKirby2003CppMpi,
  author = 	 {George Em Karniadakis and Robert M. Kirby},
  title = 	 {Parallel Scientific Computing in C++ and Mpi: A Seamless Approach to Parallel Algorithms and Their Implementation},
  publisher = 	 {Cambridge University Press},
  year = 	 {2003},
  note = 	 {ISBN 0-521-52080-0},
}

@Book{OKL_HughesHughes2004ParallelC++,
  author =	 {Cameron Hughes and Tracey Hughes},
  title = 	 {Parallel and Distributed Programming Using C++},
  publisher = 	 {Addison-Wesley},
  year = 	 2004,
  note =	 {ISBN 0131013769},
  annote =	 {Besprochen in CUJ 22(3), S. 61 (maessig) und in CVU ??? (schlecht), aber gut in Computing Reviews 45(8).}
}

@Book{OKL_Glassborow2003BeginnersCpp,
  author =       {Francis Glassborow},
  title =        {A Beginner's Introduction to Computer Programming: You can do it!},
  publisher =    {John Wiley \& Sons, Ltd},
  year =         2003,
  note =         {ISBN 0-470-86398-6},
  annote =       {Available: OK}
}

@Book{OKL_Austen1998Generic,
  author =         {Matthew H. Austen},
  title =          {Generic Programming and the STL: Using and Extending the C++ Standard Template Library},
  publisher =          {Addison-Wesley},
  year =          1998,
  series =         {Professional Computing Series},
  address =         {Boston},
  note =         {ISBN 0-201-30956-4; QA76.73.C153A97 1998},
  annote =         {Available: OK}
}

@book{OKL_RomanikMuntz2003Applied,
	Author = {Philip Romanik and Amy Muntz},
	Publisher = {Addison-Wesley},
	Series = {The C++ in Depth Series},
	Title = {Applied C++: Practical Techniques for Building Better Software},
	Year = {2003},
        Note = {ISBN 0-321-10894-9}
}

@Book{BulkaMayhew1999EfficientCpp,
  author =         {Dov Bulka and David Mayhew},
  title =          {Efficient C++: Performance Programming Techniques},
  publisher =          {Addison-Wesley},
  year =          1999,
  note =          {ISBN 0-201-37950-3; QA76.73.C153B85 1999},
  annote =         {Available: OK}
}

@book{OKL_KoenigMoo2000Accelerated,
	Author = {Andrew Koenig and Barbara E. Moo},
	Publisher = {Addison-Wesley},
	Series = {The C++ in Depth Series},
	Title = {Accelerated C++: Practical Programming by Example},
	Year = {2000},
        Note = {ISBN: 0-201-70353-X}
}

@Book{OKL_SchmidtHuston2001CppNetworkVol1,
  author =         {Douglas C. Schmidt and Stephen D. Huston},
  title =          {C++ Network Programming, Volume 1: Resolving Complexity Using ACE and Patterns},
  publisher =          {Addison-Wesley},
  year =          2002,
  series =         {The C++ In-Depth Series},
  address =         {Boston},
  note =         {ISBN 0-201-60464-7; QA 76.73.C153 S368 2002},
  annote =         {Available: OK}
}
@Book{OKL_SchmidtHuston2002CppNetworkVol2,
  author =         {Douglas C. Schmidt and Stephen D. Huston},
  title =          {C++ Network Programming, Volume 2: Systematic Reuse with ACE and Frameworks},
  publisher =          {Addison-Wesley},
  year =          2002,
  series =         {The C++ In-Depth Series},
  address =         {Boston},
  note =         {ISBN 0-201-79525-6; QA 76.73.C153 S368 2002},
  annote =         {Available: OK}
}

@Book{OKL_LangerKraft2000IOStreamsb,
  author =         {Angelika Langer and Klaus Kraft},
  title =          {Standard C++ IOStreams and Locales: Advanced Programmer's Guide and Reference},
  publisher =          {Addison-Wesley},
  year =          2000,
  address =         {Reading, Massachusetts},
  edition =         {Second printing},
  note =         {ISBN 0-201-18395-1, QA76.73C153 L37 1999}
}

@Book{OKL_Josuttis1999StandardLibrary,
  author =         {Nicolai M. Josuttis},
  title =          {The C++ Standard Library: A Tutorial and Reference},
  publisher =          {Addison-Wesley},
  year =          1999,
  address =         {Boston},
  note =         {ISBN 0-201-37926-0; QA76.73.C153J69 1999},
  annote =         {Available: OK}
}

@book{OKL_Lischner2003Nutshell,
	Author = {Ray Lischner},
	Publisher = {O'Reilly},
	Series = {O'Reilly In A Nutshell},
	Title = {C++ In A Nutshell},
	Year = {2003},
        Note = {ISBN 0-596-00298-X}
}

@Book{OKL_VandevoordeJosuttis2002Templates,
  author =         {David Vandevoorde and Nicolai M. Josuttis},
  title =          {C++ Templates: The Complete Guide},
  publisher =          {Addison-Wesley},
  year =          2002,
  address =         {Boston},
  note =         {ISBN 0-201-73484-2; QA76.73.C153 V37 2003},
  annote =         {Available: OK}
}

@book{OKL_BlanchetteSummerfield2004GUIQt3,
	Author = {Jasmin Blanchette and Mark Summerfield},
	Publisher = {Prentice Hall},
	Title = {C++ GUI Programming with Qt3},
	Year = {2004},
        Note = {ISBN 0-131-24072-2}
}

@Book{OKL_Dewhurst2002Gotchas,
  author =         {Stephen C. Dewhurst},
  title =          {C++ Gotchas: Avoiding Common Problems in Coding and Design},
  publisher =          {Addison-Wesley},
  year =          2002,
  series =         {Professional Computing Series},
  address =         {Boston},
  note =         {ISBN 0-321-12518-5; QA76.73.C153 D488 2002},
  annote =         {Available: OK}
}
@book{OKL_Dewhurst2005Common,
	Author = {Stephen C. Dewhurst},
	Publisher = {Addison-Wesley},
	Title = {C++ Common Knowledge: Essential Intermediate Programming},
	Year = {2005},
        Note = {ISBN 0-321-32192-8}
}

@Book{OKL_SiekLeeLumsdaine2002BoostGraph,
  author =         {Jeremy G. Siek and Lie-Quan Lee and Andrew Lumsdaine},
  title =          {The Boost Graph Library: User Guide and Reference Manual},
  publisher =          {Addison-Wesley},
  year =          2001,
  series =         {The C++ In-Depth Series},
  address =         {Boston},
  note =         {ISBN 0-201-72914-8},
  annote =         {Available: OK}
}

@Book{OKL_MusserDergeSaini2001STLTutorial,
  author =         {David R. Musser and Gillmer J. Derge and Atul Saini},
  title =          {STL Tutorial and Reference Guide: C++ Programming with the Standard Template Library},
  publisher =          {Addison-Wesley},
  year =          2001,
  address =         {Boston},
  edition =         {Second},
  note =         {ISBN 0-201-37923-6; QA76.73.C153.M87 2001},
  annote =         {Available: OK}
}

@book{OKL_Wilson2004Imperfect,
	Author = {Matthew Wilson},
	Publisher = {Addison Wesley},
	Series = {Professional Computing Series},
	Title = {Imperfect C++: Practical Solutions for Real-Life Programming},
	Year = {2004},
        Note = {ISBN 0-321-22877-4}
}

@Book{OKL_MisfeldtBumgardnerGray2004CppStyle,
  author =	 {Trevor Misfeldt and Gregory Bumgardner and Andrew Gray},
  title = 	 {The Elements of C++ Style},
  publisher = 	 {Cambridge University Press},
  year = 	 2004,
  note =	 {ISBN 0-521-89308-9; QA76.73.C153E28},
  annote =	 {Available: OK}
}

