% Oliver Kullmann, 30.6.2007 (Swansea)

@Book{OKL_CzarneckiEisenecker2000GP,
  author =         {Krzysztof Czarnecki and Ulrich W. Eisenecker},
  title =          {Generative Programming: Methods, Tools, and Applications},
  publisher =          {Addison-Wesley},
  year =          2000,
  address =         {Boston},
  note =         {ISBN 0-201-30977-7; QA76.624.C93 2000},
  annote =         {Available: OK}
}

@Book{OKL_GammaHelmJohnsonVlissides1994DesignPattern,
  author =         {Erich Gamma and Richard Helm and Ralph Johnson and John Vlissides},
  title =          {Design Patterns: Elements of Reusable Object-Oriented Software},
  publisher =          {Addison-Wesley},
  year =          1994,
  address =         {Boston},
  note =         {ISBN 0-201-63361-2; QA76.64.D47 1994},
  annote =         {Available: OK, Swansea University Library}
}

@Book{OKL_Goodliffe2007AllBrilliant,
  author =       {Pete Goodliffe},
  title =        {Code Craft: The practice of writing excellent code},
  publisher =    {No Starch Press},
  year =         2007,
  note =         {ISBN 1-59327-119-0},
  annote =       {Available: OK}
}

